@article{PDG2022,
  author    = {Particle Data Group and Workman, R. L.},
  title     = {Review of Particle Physics},
  journal   = {Progress of Theoretical and Experimental Physics},
  volume    = {2022},
  number    = {8},
  pages     = {083C01},
  year      = {2022},
  doi       = {10.1093/ptep/ptac097},
  url       = {https://doi.org/10.1093/ptep/ptac097}
}

@article{Brown2007,
  author    = {Brown, R.~M.},
  title     = {The CMS electromagnetic calorimeter},
  journal   = {Nuclear Instruments and Methods in Physics Research Section A: Accelerators, Spectrometers, Detectors and Associated Equipment},
  volume    = {572},
  number    = {1},
  pages     = {29--32},
  year      = {2007},
  doi       = {10.1016/j.nima.2006.10.240},
  url       = {https://doi.org/10.1016/j.nima.2006.10.240}
}

@article{Agostinelli2003,
  author    = {Agostinelli, S. and Allison, J. and Amako, K. and Apostolakis, J. and Araujo, H. and Arce, P. and Asai, M. and Axen, D. and Banerjee, S. and Barrand, G. and Behner, F. and Bellagamba, L. and Boudreau, J. and Broglia, L. and Brunengo, A. and Burkhardt, H. and Chauvie, S. and Chuma, J. and Chytracek, R. and Cooperman, G. and Zschiesche, D.},
  title     = {Geant4—a simulation toolkit},
  journal   = {Nuclear Instruments and Methods in Physics Research Section A: Accelerators, Spectrometers, Detectors and Associated Equipment},
  volume    = {506},
  number    = {3},
  pages     = {250--303},
  year      = {2003},
  doi       = {10.1016/S0168-9002(03)01368-8},
  url       = {https://doi.org/10.1016/S0168-9002(03)01368-8}
}

@article{CMS2024arXiv2403.15518,
  author       = "{CMS Collaboration}",
  title        = {Performance of the CMS electromagnetic calorimeter in pp collisions at $\sqrt{s}$ = 13 TeV},
  eprint       = {2403.15518},
  archivePrefix = {arXiv},
  primaryClass = {physics},
  version      = {v2},
  year         = {2024},
  url          = {https://arxiv.org/abs/2403.15518v2}
}

@article{Groom2019ParticlePassage,
    author = {Groom, D. E. and Klein, S. R.},
    title = {Passage of Particles Through Matter},
    year = {2019},
    month = {August},
    note = {Revised},
    organization = {Particle Data Group}, 
    url = {https://pdg.lbl.gov/2019/reviews/rpp2018-rev-passage-particles-matter.pdf}
}

@article{walter2014introduction,
  author={Walter, Jean-Charles and Barkema, Gerard},
  title={An introduction to Monte Carlo methods},
  journal={arXiv preprint arXiv:1404.0209},
  year={2014},
  url={https://arxiv.org/abs/1404.0209}
}

@article{folkerts2023electron,
  title={Electron-positron pair creation in the superposition of two oscillating electric field pulses with largely different frequency, duration and relative positioning},
  author={Folkerts, N. and Putzer, J. and Villalba-Ch{\'a}vez, S. and M{\"u}ller, C.},
  journal={arXiv preprint arXiv:2303.02350},
  year={2023},
  url={https://arxiv.org/abs/2303.02350}
}

@article{simkina2023reconstruction,
  title={Reconstruction of Electromagnetic Showers in Calorimeters Using Deep Learning},
  author={Simkina, Polina and Couderc, Fabrice and Malclès, Julie and Sahin, Mehmet Özgür},
  journal={arXiv preprint arXiv:2311.17914},
  year={2023},
  url={https://arxiv.org/abs/2311.17914}
}





